@misc{scrapy,
    title = "Scrapy",
    howpublished = "\url{https://scrapy.org}",
    note = "Zestaw narzędzi umożliwiający szybką, wydajną ekstrackję
informacji ze stron internetowych."
}
@misc{rakenltk,
    title = "Rake-NLTK",
    howpublished = "\url{https://github.com/csurfer/rake-nltk}",
    note = "Implementacja w języku Python (z użyciem NLTK) algorytmu RAKE
(en. Rapid Automatic Keyword Extraction). Wykorzystywany do automatycznej
ekstrakcji słów kluczowych z ogłoszeń."
}
@misc{keywordextractionalgorithms,
    title = "Keyword Extraction Algorithms",
    howpublished = "\url{http://ai.fon.bg.ac.rs/wp-content/uploads/2017/01/Topic\_modeling\_and\_graph-based\_keywords\_extraction\_2017.pdf}",
    note = "LDA, KeyGraph oraz TextRank, algorytmy które mogą być wykorzystane
do ektrakcji słów kluczowych."
}
@misc{luigi,
    title = "Luigi",
    howpublished = "\url{https://luigi.readthedocs.io/en/stable}",
    note = "Moduł pozwalający budować skomplikowane ciągi (en. pipelines)
zadań, operacji czy transformacji na danych."
}
@misc{elasticsearch,
    title = "ElasticSearch",
    howpublished = "\url{https://www.elastic.co/products/elasticsearch}",
    note = "Platforma umożliwiająca przeszukiwanie."
}
@misc{solr,
    title = "Solr",
    howpublished = "\url{http://lucene.apache.org/solr}",
    note = "Platforma umożliwiająca przeszukiwanie."
}
@misc{vuejs,
    title = "VueJS",
    howpublished = "\url{https://vuejs.org}",
    note = "Framework wykorzystywany do tworzenia progresywnych aplikacji
internetowych."
}
